
@misc{seL4:2024,
  title={seL4 Reference Manual},
  author={seL4 Foundation},
  year={2024},
}